@article{Rida_19,
	title = {Robust gait recognition: a comprehensive survey},
	author = {Rida, Imad, and Noor, Almaadeed, and Somaya, Almaadeed},
	journal = {IET Biometrics},
	volume = {8},
	number = {1},
	pages = {14 -- 28},
	month = {January},
	year = {2019},
}

@article{Han_06,
	title = {Individual recognition using gait energy image},
	author = {Han, Ju and Bhanu, Bir},
	journal = {IEEE Trans. on Pattern Anal. Mach. Intell.},
	volume = {28},
	number = {2},
	pages = {316--322},
	month = {February},
	year = {2006}
}

@inproceedings{Bashir_09,
	title = {Gait recognition using gait entropy image},
	author = {Bashir, Khalid and Xiang, Tao and Gong, Shaogang},
	booktitle = {3rd Int. Conf. on Imaging for Crime Detection and Prevention},
	publisher = {London, UK},
	year = {2009},
}

@article{Lam_11,
	title = {Gait flow image: A silhouette-based gait representation for human identification},
	author = {Lam, Toby H W and Cheung, King Hong and Liu, James N K},
	journal = {Pattern Recognition},
	volume = {44},
	number = {4},
	pages = {973 -- 987},
	month = {April},
	year = {2011}
}

@inproceedings{Ariyanto_11,
	title = {Model-based 3D gait biometrics},
	author = {Ariyanto, Gunawan and Nixon, Mark S},
	booktitle = {International Joint Conference on Biometrics},
	pages = {1--7},
	publisher = {Washington DC, USA},
	year = {2011}
}

@article{Tafazzoli_10,
	title = {Model-based human gait recognition using leg and arm movements},
	author = {Tafazzoli, Faezeh and Safabakhsh, Reza},
	journal = {Engineering Appl. of Art. Intell.},
	volume = {23},
	number = {8},
	pages = {1237 -- 1246},
	month = {April},
	year = {2010}
}

@inproceedings{Feng_16,
	title = {Learning effective gait features using LSTM},
	author = {Feng, Yang and Li, Yuncheng and Luo, Jiebo},
	booktitle = {23rd International Conference on Pattern Recognition},
	pages = {325--330},
	year = {2016},
	publisher = {Cancun, Mexico}
}

@article{Wu_17,
	title = {A comprehensive study on cross-view gait based human identification with deep cnns},
	author = {Wu, Zifeng and Yongzhen, Huang and Liang, Wang and },
	journal = {IEEE Trans. on Pattern Anal. Mach. Intell.},
	volume = {39},
	number = {2},
	pages = {209--226},
	month = {February},
	year = {2017}
}


@inproceedings{Shiraga_16,
	title = {GEINet: View-invariant gait recognition using a convolutional neural network},
	author = {Shiraga, Kohei and Makihara, Yasushi and Muramatsu, Daigo and },
	booktitle = {International Conference on Biometrics (ICB)},
	publisher = {Halmstad, Sweden},
	year = {2016}
}

@inproceedings{Wolf_16,
	title = {Multi-view gait recognition using 3D convolutional neural networks},
	author = {Wolf, Thomas and Babaee, Mohammadreza and Rigoll, Gerhard},
	booktitle = {IEEE International Conference on Image Processing},
	pages = {4165--4169},
	publisher = {Phoenix, AZ, USA},
	year = {2016}
}


@inproceedings{Castro_17,
	title = {Automatic learning of gait signatures for people identification},
	author = {Castro, Francisco Manuel and Marin-Jimenez, Manuel J. and Guil, Nicol√°s and },
	booktitle = {International Work-Conference on Artificial Neural Networks},
	publisher = {Springer, Cham},
	pages = {257--270},
	year = {2017}
}

@inproceedings{Yu_17,
	title = {Gaitgan: invariant gait feature extraction using generative adversarial networks},
	author = {Yu, Shiqi and Chen, Haifeng and Reyes, Edel B Garc{\i}a and },
	booktitle = {IEEE Conference on Computer Vision and Pattern Recognition Workshops},
	pages = {532--539},
	publisher = {Honolulu, HI, USA},
	year = {2017}
}


@inproceedings{Cao_17,
	title = {Realtime multi-person 2d pose estimation using part affinity fields},
	author = {Cao, Zhe and Simon, Tomas and Wei, Shih-En and \textit{et al.}},
	booktitle = {IEEE Conf. on Computer Vision and Pattern Recognition},
	publisher = {Honolulu, HI, USA},
	pages = {7},
	year = {2017}
}

@inproceedings{Liao_17,
	title = {Pose-Based Temporal-Spatial Network (PTSN) for Gait Recognition with Carrying and Clothing Variations},
	author = {Liao, Rijun and Cao, Chunshui and Garcia, Edel B and \textit{et al.}},
	booktitle = {Chinese Conf. on Biometric Recognition},
	pages = {474--483},
	publisher = {Springer, Cham},
	year = {2017}
}

@article{Song_17,
	title = {An End-to-End Spatio-Temporal Attention Model for Human Action Recognition from Skeleton Data},
	author = {Song, Sijie and Lan, Cuiling and Xing, Junliang and \textit{et al.}},
	journal = {AAAI},
	volume = {1},
	number = {2},
	pages = {4263 -- 4270},
	year = {2017}
}

@inproceedings{Du_15,
	title = {Hierarchical recurrent neural network for skeleton based action recognition},
	author = {Du, Yong and  Wang, Wei and Wang, Liang},
	booktitle = {IEEE Conf. on Computer Vision and Pattern Recognition},
	publisher = {Boston, MA, USA},
	pages = {1110-1118},
	year = {2015}
}


@inproceedings{Cunado_97,
	title = {Using gait as a biometric, via phase-weighted magnitude spectra},
	author = {Cunado, David and Nixon, Mark S and Carter, John N},
	booktitle = {Int. Conf. on Audio-and Video-Based Biometric Person Authentication},
	pages = {93--102},
	publisher = {Berlin, Heidelberg},
	year = {1997}
}

@article{Schuster_97,
	title = {Bidirectional recurrent neural networks},
	author = {Schuster, Mike and Paliwal, Kuldip K},
	journal = {IEEE Trans. on Signal Proces.},
	volume = {45},
	number = {11},
	pages = {2673--2681},
	year = {1997}
}

@inproceedings{Ioffe_15,
	title = {Batch normalization: Accelerating deep network training by reducing internal covariate shift},
	author = {Ioffe, Sergey and Szegedy, Christian},
	booktitle = {Int. Conf. on Machine Learning},
	pages = {448--456},
	year = {2015}
}

@inproceedings{Kingma_15,
	title = {Adam: A method for stochastic optimization},
	author = {Kingma, Diederik P and Ba, Jimmy},
	booktitle = {Int. Conf. on Learning Representations},
	year = {2015}
}

@inproceedings{Wen_16,
	title = {A discriminative feature learning approach for deep face recognition},
	author = {Wen, Yandong, Kaipeng Zhang, Zhifeng Li, and \textit{et al.}},
	booktitle = {In European Conf. on Computer Vision},
	pages = {499--515},
	year = {2016}
}

@article{Redmon_18,
	title = {Yolov3: An incremental improvement},
	author = {Redmon, Joseph and Farhadi, Ali},
	journal = {arXiv preprint arXiv:1804.02767},
	year = {2018}
}

@inproceedings{Tran_15,
	title = {Learning spatiotemporal features with 3d convolutional networks},
	author = {Tran, Du and Bourdev, Lubomir and Fergus, Rob and \textit{et al.}},
	booktitle = {Proc. of the IEEE Int. Conf. on Computer Vision},
	publisher = {Santiago, Chile},
	pages = {4489--4497},
	year = {2015}
}

@inproceedings{Karpathy_14,
	title = {Large-scale video classification with convolutional neural networks},
	author = {Karpathy, Andrej and Toderici, George and Shetty, Sanketh and \textit{et al.}},
	booktitle = {IEEE Conf. on Computer Vision and Pattern Recognition},
	publisher = {Columbus, USA},
	pages = {1725--1732},
	year = {2014}
}

@inproceedings{Yu_06,
	title = {A framework for evaluating the effect of view angle, clothing and carrying condition on gait recognition},
	author = {Yu, Shiqi and Tan, Daoliang and Tan, Tieniu},
	booktitle = {18th Int. Conf. on Pattern Recognition},
	pages = {441--444},
	publisher = {Hong Kong, China},
	year = {2006}
}

@article{Hofmann_14,
	title = {The tum gait from audio, image and depth (gaid) database: Multimodal recognition of subjects and traits},
	author = {Hofmann, Martin and Geiger, J{\"u}rgen and Bachmann, Sebastian and \textit{et al.}},
	journal = {Journal of Visual Com. and Image Representation},
	volume = {25},
	number = {1},
	pages={195--206},
	year = {2014}
}

@article{Noriko_18,
	title = {Multi-view large population gait dataset and its performance evaluation for cross-view gait recognition},
	author = {Noriko, Takemura and Makihara, Yasushi and Muramatsu, Daigo and \textit{et al.}},
	journal = {IPSJ Trans. on Computer Vision and Applications},
	volume = {10},
	number = {1},
	pages = {4},
	year = {2018}
}

@article{Sarkar_05,
	title = {The humanid gait challenge problem: Data sets, performance, and analysis},
	author = {Sarkar, Sudeep and Phillips, P Jonathon and Liu, Zongyi and \textit{et al.}},
	journal = {IEEE Trans. on Pattern Anal. and Mach. Intell.},
	volume = {27},
	number = {2},
	pages = {162--177},
	year = {2005}
}

@article{Wang_03,
	title = {Automatic gait recognition based on statistical shape analysis},
	author = {Wang, Liang and Tieniu, Tan and Hu, Weiming and \textit{et al.}},
	journal = {IEEE Trans. on Image Process.},
	pages = {1120 -- 1131},
	number = {9},
	volume = {12},
	year = {2003}
}

@inproceedings{Chen_07,
	title = {An invariant appearance model for gait recognition},
	author = {Chen, Shi, and Gao, Youxing},
	booktitle = {IEEE International Conf. on Multimedia and Expo},
	publisher = {Beijing, China},
	pages = {1375 -- 1378},
	year = {2007}
}

@inproceedings{Goffredo_08,
	title = {Front-view gait recognition},
	author = {Goffredo, Michela and Carter, John N, and Nixon, Mark S},
	booktitle = {Biometrics: Theory, Applications and Systems},
	publisher = {Arlington, VA, USA},
	pages = {1 -- 6},
	year = {2008}
}

@inproceedings{Liu_16,
	title={Memory-based Gait Recognition},
	author={Liu, Dan and Ye, Mao and Li, Xudong and \textit{et al.}},
	booktitle={Proceedings of the British Machine Vision Conf.},
	publisher={BMVA Press},
	pages={82.1-82.12},
	year={2016},
}

@article{Aggarwal_18,
	title = {Covariate Conscious Approach for Gait Recognition Based Upon Zernike Moment Invariants},
	author = {Aggarwal, Himanshu  and Vishwakarma, Dinesh Kumar },
	journal = {IEEE Trans. on Cognitive and Developmental Systems},
	number = {2},
	volume = {10},
	pages = {397 -- 407},
	year = {2018}
}

@article{Arora_15,
	title = {Gait based authentication using gait information image features},
	author = {Arora, Parul and Hanmandlu, Madasu and Srivastava, Smriti },
	journal = {Pattern Recognition Letters},
	volume = {68},
	pages = {336 -- 342},
	year = {2015}
}

@article{Verlekar_17,
	title = {View-invariant gait recognition system using a gait energy image decomposition method},
	author = {Verlekar, Tanmay T and Correia, Paulo L and Soares, Lu√≠s D},
	journal = {IET Biometrics},
	volume = {6},
	number = {4},
	pages = {299 -- 306},
	year = {2017}
}

@article{Kusakunniran_13,
	title = {Recognizing Gaits Across Views Through Correlated Motion Co-Clustering},
	author = {Kusakunniran, Worapan and Wu, Qiang and Zhang, Jian and \textit{et al.}},
	journal = {IEEE Trans. on Image Process.},
	volume = {23},
	number = {2},
	pages = {696 -- 709},
	year = {2013}
}

@article{Hu_13,
	title = {View-Invariant Discriminative Projection for Multi-View Gait-Based Human Identification},
	author = {Hu, Maodi and Wang, Yunhong and Zhang, Zhaoxiang and \textit{et al.}},
	journal = {IEEE Trans. on Inf. Forensics Sec},
	volume = {8},
	number = {12},
	pages = {2034 -- 2045},
	year = {2013}
}

@inproceedings{Thapar_18,
	author = {Thapar, Daksh and Nigam, Aditya and Aggarwal, Divyansh and Agarwal, Punjal},
	title = {VGR-net: A view invariant gait recognition network},
	booktitle = {IEEE 4th Int. Conf. on Identity, Security, and Behavior Analysis},
	pages = {1--8},
	publisher = {Singapore},
	year = {2018},
}


@article{Dupuis_13,
	title = {Feature subset selection applied to model-free gait recognition},
	author = {Dupuis, Yohan and Xavier Savatier and Pascal Vasseur},
	journal = {Image and Vision Computing},
	volume = {31},
	number = {8},
	pages = {580--591},
	year = {2013}
}

@article{Isaac_17,
	title = {View-invariant gait recognition through genetic template segmentation},
	author = {Isaac, Ebenezer RHP and Elias, Susan and Rajagopalan, Srinivasan and \textit{et al.}},
	journal = {IEEE Signal Process. Letters},
	volume = {24},
	number = {8},
	pages = {1188 -- 1192},
	year = {2017}
}

@article{Choudhury_15,
	title = {Robust view-invariant multiscale gait recognition},
	author = {Choudhury,Sruti Das and Tjahjadi, Tardi},
	journal = {Pattern Recognition},
	volume = {48},
	number = {3},
	pages = {798 -- 811},
	year = {2015}
}




@misc{jones2004introduction,
	title={An introduction to bioinformatics algorithms},
	author={Jones, Neil C and Pevzner, Pavel},
	year={2004},
	publisher={MIT press}
}


@inproceedings{xiao2016qpms10,
	title={qPMS10: A randomized algorithm for efficiently solving quorum Planted Motif Search problem},
	author={Xiao, Peng and Pal, Soumitra and Rajasekaran, Sanguthevar},
	booktitle={Bioinformatics and Biomedicine (BIBM), 2016 IEEE International Conference on},
	pages={670--675},
	year={2016},
	organization={IEEE}
}


@article{tanaka2014improved,
	title={Improved Exact Enumerative Algorithms for the Planted ($ l $, $ d $)-Motif Search Problem},
	author={Tanaka, Shunji},
	journal={IEEE/ACM Transactions on Computational Biology and Bioinformatics},
	volume={11},
	number={2},
	pages={361--374},
	year={2014},
	publisher={IEEE}
}


@article{gohardaninew,
	title={A New Idea for Improving the Running Time of PMS Algorithm},
	author={Gohardani, Saeed Alirezanejad and Bagherian, Mehri and Vaziri, Hamid Reza}
}


@incollection{huan2015efficient,
	title={An Efficient Ant Colony Algorithm for DNA Motif Finding},
	author={Huan, Hoang X and Tuyet, Duong TA and Ha, Doan TT and Hung, Nguyen T},
	booktitle={Knowledge and Systems Engineering},
	pages={589--601},
	year={2015},
	publisher={Springer}
}


@article{wei2007comparative,
	title={Comparative analysis of regulatory motif discovery tools for transcription factor binding sites},
	author={Wei, Wei and Yu, Xiao-Dan},
	journal={Genomics, proteomics \& bioinformatics},
	volume={5},
	number={2},
	pages={131--142},
	year={2007},
	publisher={Elsevier}
}


@article{zambelli2012motif,
	title={Motif discovery and transcription factor binding sites before and after the next-generation sequencing era},
	author={Zambelli, Federico and Pesole, Graziano and Pavesi, Giulio},
	journal={Briefings in bioinformatics},
	pages={bbs016},
	year={2012},
	publisher={Oxford Univ Press}
}

@Inbook{Riethoven2010,
	author="Riethoven, Jean-Jack M.",
	editor="Ladunga, Istvan",
	title="Regulatory Regions in DNA: Promoters, Enhancers, Silencers, and Insulators",
	bookTitle="Computational Biology of Transcription Factor Binding",
	year="2010",
	publisher="Humana Press",
	address="Totowa, NJ",
	pages="33--42",
	isbn="978-1-60761-854-6",
	doi="10.1007/978-1-60761-854-6_3",
	url="http://dx.doi.org/10.1007/978-1-60761-854-6_3"
}

@ONLINE {regulatoryregions,
	url= {http://www.ross.net/crc/download/crc_v3.txt},
	urldate = {2017-12-02},
	author = {Riethoven JJ},
	title = {Regulatory regions in DNA: promoters, enhancers, silencers, and insulators}
}


@article{doi:10.1093/bib/bbs016,
	author = {Zambelli, Federico and Pesole, Graziano and Pavesi, Giulio},
	title = {Motif discovery and transcription factor binding sites before and after the next-generation sequencing era},
	journal = {Briefings in Bioinformatics},
	volume = {14},
	number = {2},
	pages = {225},
	year = {2013},
	doi = {10.1093/bib/bbs016},
	URL = { + http://dx.doi.org/10.1093/bib/bbs016},
	eprint = {/oup/backfile/Content_public/Journal/bib/14/2/10.1093/bib/bbs016/2/bbs016.pdf}
}


@article{duret1997searching,
	title={Searching for regulatory elements in human noncoding sequences},
	author={Duret, Laurent and Bucher, Philipp},
	journal={Current opinion in structural biology},
	volume={7},
	number={3},
	pages={399--406},
	year={1997},
	publisher={Elsevier}
}

@article{rajasekaran20091,
	title={1. Abstract 2. Introduction 3. Experimental techniques 4. Computational techniques 4.1. Statistics based techniques 4.2. Discrete algorithmic techniques},
	author={Rajasekaran, Sanguthevar},
	journal={Frontiers in Bioscience},
	volume={14},
	pages={5052--5065},
	year={2009}
}



@article{frances1997covering,
	title={On covering problems of codes},
	author={Frances, Moti and Litman, Ami},
	journal={Theory of Computing Systems},
	volume={30},
	number={2},
	pages={113--119},
	year={1997},
	publisher={Springer}
}

@incollection{davila2007pampa,
	title={Pampa: An improved branch and bound algorithm for planted (l, d) motif search},
	author={Davila, Jaime and Balla, Sudha and Rajasekaran, Sanguthevar},
	booktitle={Tech. rep},
	year={2007}
}


@article{davila2007fast,
	title={Fast and practical algorithms for planted (l, d) motif search},
	author={Davila, Jaime and Balla, Sudha and Rajasekaran, Sanguthevar},
	journal={IEEE/ACM Transactions on Computational Biology and Bioinformatics (TCBB)},
	volume={4},
	number={4},
	pages={544--552},
	year={2007},
	publisher={IEEE Computer Society Press}
}

@article{bandyopadhyay2013pms6mc,
	title={PMS6MC: A multicore algorithm for motif discovery},
	author={Bandyopadhyay, Shibdas and Sahni, Sartaj and Rajasekaran, Sanguthevar},
	journal={Algorithms},
	volume={6},
	number={4},
	pages={805--823},
	year={2013},
	publisher={Multidisciplinary Digital Publishing Institute}
}

@inproceedings{chin2005voting,
	title={Voting algorithms for discovering long motifs.},
	author={Chin, Francis YL and Leung, Henry CM},
	booktitle={APBC},
	pages={261--271},
	year={2005}
}

@inproceedings{pisanti2006risotto,
	title={RISOTTO: Fast extraction of motifs with mismatches},
	author={Pisanti, Nadia and Carvalho, Alexandra M and Marsan, Laurent and Sagot, Marie-France},
	booktitle={Latin American Symposium on Theoretical Informatics},
	pages={757--768},
	year={2006},
	organization={Springer}
}

@article{bailey1994fitting,
	title={Fitting a mixture model by expectation maximization to discover motifs in bipolymers},
	author={Bailey, Timothy L and Elkan, Charles and others},
	year={1994},
	publisher={Department of Computer Science and Engineering, University of California, San Diego}
}

@article{buhler2002finding,
	title={Finding motifs using random projections},
	author={Buhler, Jeremy and Tompa, Martin},
	journal={Journal of computational biology},
	volume={9},
	number={2},
	pages={225--242},
	year={2002},
	publisher={Mary Ann Liebert, Inc.}
}

@article{lawrence1993detecting,
	title={Detecting subtle sequence signals: a Gibbs sampling strategy for multiple alignment},
	author={Lawrence, Charles E and Altschul, Stephen F and Boguski, Mark S and Liu, Jun S and Neuwald, Andrew F and Wootton, John C and others},
	journal={SCIENCE-NEW YORK THEN WASHINGTON-},
	volume={262},
	pages={208--208},
	year={1993},
	publisher={American Association for the Advancement of Science}
}

@inproceedings{pevzner2000combinatorial,
	title={Combinatorial approaches to finding subtle signals in DNA sequences.},
	author={Pevzner, Pavel A and Sze, Sing-Hoi and others},
	booktitle={ISMB},
	volume={8},
	pages={269--278},
	year={2000}
}

@inproceedings{rocke1998algorithm,
	title={An algorithm for finding novel gapped motifs in DNA sequences},
	author={Rocke, Emily and Tompa, Martin},
	booktitle={Proceedings of the second annual international conference on Computational molecular biology},
	pages={228--233},
	year={1998},
	organization={ACM}
}

@inproceedings{keich2002finding,
	title={Finding motifs in the twilight zone},
	author={Keich, Uri and Pevzner, Pavel A},
	booktitle={Proceedings of the sixth annual international conference on Computational biology},
	pages={195--204},
	year={2002},
	organization={ACM}
}

@article{price2003finding,
	title={Finding subtle motifs by branching from sample strings},
	author={Price, Alkes and Ramabhadran, Sriram and Pevzner, Pavel A},
	journal={Bioinformatics},
	volume={19},
	number={suppl 2},
	pages={ii149--ii155},
	year={2003},
	publisher={Oxford Univ Press}
}

@article{hertz1999identifying,
	title={Identifying DNA and protein patterns with statistically significant alignments of multiple sequences.},
	author={Hertz, Gerald Z and Stormo, Gary D.},
	journal={Bioinformatics},
	volume={15},
	number={7},
	pages={563--577},
	year={1999},
	publisher={Oxford Univ Press}
}

@article{pal2016efficient,
	title={Efficient sequential and parallel algorithms for finding edit distance based motifs},
	author={Pal, Soumitra and Xiao, Peng and Rajasekaran, Sanguthevar},
	journal={BMC genomics},
	volume={17},
	number={4},
	pages={465},
	year={2016},
	publisher={BioMed Central}
}